@article{lecun1989backpropagation,
  title={Backpropagation applied to handwritten zip code recognition},
  author={LeCun, Yann and Boser, Bernhard and Denker, John S and Henderson, Donnie and Howard, Richard E and Hubbard, Wayne and Jackel, Lawrence D},
  journal={Neural computation},
  volume={1},
  number={4},
  pages={541--551},
  year={1989},
  publisher={MIT Press}
}
@inproceedings{wang2009tone,
  title={Tone recognition of continuous mandarin speech based on Binary-Class SVMs},
  author={Wang, Shui-ping and Tang, Zhen-ming and Zhao, Ying-nan and Ji, Sai},
  booktitle={2009 First International Conference on Information Science and Engineering},
  pages={710--713},
  year={2009},
  organization={IEEE}
}
@inproceedings{goller1996learning,
  title={Learning task-dependent distributed representations by backpropagation through structure},
  author={Goller, Christoph and Kuchler, Andreas},
  booktitle={Neural Networks, 1996., IEEE International Conference on},
  volume={1},
  pages={347--352},
  year={1996},
  organization={IEEE}
}

@article{chen2015mxnet,  title={Mxnet: A flexible and efficient machine learning library for heterogeneous distributed systems},  author={Chen, Tianqi and Li, Mu and Li, Yutian and Lin, Min and Wang, Naiyan and Wang, Minjie and Xiao, Tianjun and Xu, Bing and Zhang, Chiyuan and Zhang, Zheng},  journal={arXiv preprint arXiv:1512.01274},  year={2015}}@misc{dallycntk,  title={CNTK: An Embedded Language for Circuit Description, Dept. of Computer Science, California Institute of Technology, Display File},  author={Dally, William J},  publisher={preparation}}
@inproceedings{collobert2011torch7,
  title={Torch7: A matlab-like environment for machine learning},
  author={Collobert, Ronan and Kavukcuoglu, Koray and Farabet, Cl{\'e}ment},
  booktitle={BigLearn, NIPS Workshop},
  number={EPFL-CONF-192376},
  year={2011}
}